@inproceedings{reynolds1972definitional,
    title={Definitional interpreters for higher-order programming languages},
    author={Reynolds, John C},
    booktitle={Proceedings of the ACM annual conference-Volume 2},
    pages={717--740},
    year={1972}
}

@article{eisenberg2017levity,
  title={Levity polymorphism},
  author={Eisenberg, Richard A and Peyton Jones, Simon},
  journal={ACM SIGPLAN Notices},
  volume={52},
  number={6},
  pages={525--539},
  year={2017},
  publisher={ACM New York, NY, USA}
}
